@article{bing2004incremental,
	title		=	{Incremental validity of the frame-of-reference effect in personality scale scores: a replication and extension},
	author		=	{Bing, Mark N and Whanger, James C and Davison, H Kristl and VanHook, Jayson B},
	journal		=	{Journal of Applied Psychology},
	volume		=	{89},
	number		=	{1},
	pages		=	{150},
	year		=	{2004},
	publisher	=	{American Psychological Association}
}

@article{glock2019studies,
	author = {Sabine Glock and Hannah Kleen},
	title = {Attitudes toward students from ethnic minority groups: The roles of preservice teachersâ€™ own ethnic backgrounds and teacher efficacy activation},
	journal = {Studies in Educational Evaluation},
	volume = {62},
	pages = {82-91},
	year = {2019},
	issn = {0191-491X},
	doi = {https://doi.org/10.1016/j.stueduc.2019.04.010}
}

@article{latu2015gender,
	title		=	{Gender biases in (inter) action: The role of interviewers' and applicants' implicit and explicit stereotypes in predicting women's job interview outcomes},
	author		=	{Latu, Ioana M and Mast, Marianne Schmid and Stewart, Tracie L},
	journal		=	{Psychology of Women Quarterly},
	volume		=	{39},
	number		=	{4},
	pages		=	{539--552},
	year		=	{2015},
	publisher	=	{Sage Publications},
	address		=	{Los Angeles, CA}
}

@article{macrae2000social,
	title		=	{Social cognition: Thinking categorically about others},
	author		=	{Macrae, C Neil and Bodenhausen, Galen V},
	journal		=	{Annual review of psychology},
	volume		=	{51},
	number		=	{1},
	pages		=	{93--120},
	year		=	{2000},
	publisher	=	{Annual Reviews},
	address		=	{Palo Alto, CA},
	doi			=	{10.1146/annurev.psych.51.1.93},
	issn		=	{1545-2085}
}

@article{perry2015modern,
	title	=	{{Modern prejudice: Subtle, but unconscious? The role of Bias Awareness in Whites' perceptions of personal and others' biases}},
	journal	=	{Journal of Experimental Social Psychology},
	volume	=	{61},
	pages	=	{64-78},
	year	=	{2015},
	issn	=	{0022-1031},
	doi		=	{https://doi.org/10.1016/j.jesp.2015.06.007},
	author	=	{Sylvia P. Perry and Mary C. Murphy and John F. Dovidio}
}
