@book{oecd2019,
   author		=	{OECD},
   title		=	{PISA 2018 Results (Volume II): Where All Students Can Succeed},
   year			=	{2019},
   pages		=	{376},
   publisher	=	{PISA, OECD Publishing},
   address		=	{Paris},
   isbn			=	{978-92-64-47490-1},
   url			=	{https://www.oecd-ilibrary.org/content/publication/b5fd1b8f-en},
   doi			=	{https://doi.org/10.1787/b5fd1b8f-en}
}

@incollection{henschel2022zuwanderungsbezogene,
	title		=	{{Zuwanderungsbezogene Disparit\"aten}},
	author		=	{Henschel, Sofie and Heppt, Birgit and Rjosk, Camilla and Weirich, Sebastian},
	booktitle	=	{IQB Bildungstrend 2021},
	year		=	{2022},
	pages		=	{181--219},
	publisher	=	{Waxmann Verlag GmbH},
	address		=	{M\"unster},
	doi			=	{https://doi.org/10.31244/9783830996064},
	isbn		=	{978-3-8309-9606-4}
}

@article{rosenthal1968pygmalion,
	title		=	{Pygmalion in the Classroom},
	author		=	{Rosenthal, Robert and Jacobson, Lenore},
	publisher	=	{Rinehart and Winston},
	journal		=	{The Urban Review},
	pages		=	{16--20},
	year		=	{1968}
}

@incollection{jussim1996social,
	title		=	{Social perception, social stereotypes, and teacher expectations: Accuracy and the quest for the powerful self-fulfilling prophecy},
	author		=	{Jussim, Lee and Eccles, Jacquelynne and Madon, Stephanie},
	booktitle	=	{Advances in experimental social psychology},
	volume		=	{28},
	pages		=	{281--388},
	year		=	{1996},
	publisher	=	{Elsevier}
}

@article{jussim2005teacher,
	author = {Lee Jussim and Kent D. Harber},
	title ={Teacher Expectations and Self-Fulfilling Prophecies: Knowns and Unknowns, Resolved and Unresolved Controversies},
	journal = {Personality and Social Psychology Review},
	volume = {9},
	number = {2},
	pages = {131-155},
	year = {2005},
	doi = {10.1207/s15327957pspr0902\_3}
}

@article{glock2015preservice,
	author = {Sabine Glock and Julia Karbach},
	title = {Preservice teachers’ implicit attitudes toward racial minority students: Evidence from three implicit measures},
	journal = {Studies in Educational Evaluation},
	volume = {45},
	pages = {55-61},
	year = {2015},
	issn = {0191-491X},
	doi = {https://doi.org/10.1016/j.stueduc.2015.03.006}
}

@article{glock2017bad,
	author = {Sabine Glock and Florian Klapproth},
	title = {Bad boys, good girls? Implicit and explicit attitudes toward ethnic minority students among elementary and secondary school teachers},
	journal = {Studies in Educational Evaluation},
	volume = {53},
	pages = {77-86},
	year = {2017},
	issn = {0191-491X},
	doi = {https://doi.org/10.1016/j.stueduc.2017.04.002}
}

@article{glock2019studies,
	author = {Sabine Glock and Hannah Kleen},
	title = {Attitudes toward students from ethnic minority groups: The roles of preservice teachers’ own ethnic backgrounds and teacher efficacy activation},
	journal = {Studies in Educational Evaluation},
	volume = {62},
	pages = {82-91},
	year = {2019},
	issn = {0191-491X},
	doi = {https://doi.org/10.1016/j.stueduc.2019.04.010}
}

@misc{unifreiburg2018studien,
	author			=	{Universit\"at Freiburg},
	title			=	{{Studien- und Pr\"ufungsordnung der Albert-Ludwigs-Universit\"at f\"ur den Studiengang Master of Education f\"ur das Lehramt Gymnasium}},
	year			=	{2018},
	howpublished	=	{\url{https://www.jsl.uni-freiburg.de/informationen_fuer_studierende_web/pruefungsordnungen/master_of_education/studien-\%20und\%20pruefungsordnung.pdf}},
	note			=	{(Accessed 24.08.2024)}
}

@book{pohl2004cognitive,
	title={Cognitive illusions: A handbook on fallacies and biases in thinking, judgement and memory},
	author={Pohl, R{\"u}diger},
	year={2004},
	publisher={Psychology press},
	isbn={1-84169-351-0},
	address={East Sussex}
}

