@book{oecd2019,
   author		=	{OECD},
   title		=	{PISA 2018 Results (Volume II): Where All Students Can Succeed},
   year			=	{2019},
   pages		=	{376},
   publisher	=	{PISA, OECD Publishing},
   address		=	{Paris},
   isbn			=	{978-92-64-47490-1},
   url			=	{https://www.oecd-ilibrary.org/content/publication/b5fd1b8f-en},
   doi			=	{https://doi.org/10.1787/b5fd1b8f-en}
}

@incollection{henschel2022zuwanderungsbezogene,
	title		=	{{Zuwanderungsbezogene Disparit\"aten}},
	author		=	{Henschel, Sofie and Heppt, Birgit and Rjosk, Camilla and Weirich, Sebastian},
	booktitle	=	{IQB Bildungstrend 2021},
	year		=	{2022},
	pages		=	{181--219},
	publisher	=	{Waxmann Verlag GmbH},
	address		=	{M\"unster},
	doi			=	{https://doi.org/10.31244/9783830996064},
	isbn		=	{978-3-8309-9606-4}
}

@article{rosenthal1968pygmalion,
	title		=	{Pygmalion in the Classroom},
	author		=	{Rosenthal, Robert and Jacobson, Lenore},
	publisher	=	{Rinehart and Winston},
	journal		=	{The Urban Review},
	pages		=	{16--20},
	year		=	{1968}
}

@incollection{jussim1996social,
	title		=	{Social perception, social stereotypes, and teacher expectations: Accuracy and the quest for the powerful self-fulfilling prophecy},
	author		=	{Jussim, Lee and Eccles, Jacquelynne and Madon, Stephanie},
	booktitle	=	{Advances in experimental social psychology},
	volume		=	{28},
	pages		=	{281--388},
	year		=	{1996},
	publisher	=	{Elsevier}
}

@article{jussim2005teacher,
	author = {Lee Jussim and Kent D. Harber},
	title ={Teacher Expectations and Self-Fulfilling Prophecies: Knowns and Unknowns, Resolved and Unresolved Controversies},
	journal = {Personality and Social Psychology Review},
	volume = {9},
	number = {2},
	pages = {131-155},
	year = {2005},
	doi = {10.1207/s15327957pspr0902\_3}
}

@article{glock2015preservice,
	author = {Sabine Glock and Julia Karbach},
	title = {Preservice teachers’ implicit attitudes toward racial minority students: Evidence from three implicit measures},
	journal = {Studies in Educational Evaluation},
	volume = {45},
	pages = {55-61},
	year = {2015},
	issn = {0191-491X},
	doi = {https://doi.org/10.1016/j.stueduc.2015.03.006}
}

@article{glock2017bad,
	author = {Sabine Glock and Florian Klapproth},
	title = {Bad boys, good girls? Implicit and explicit attitudes toward ethnic minority students among elementary and secondary school teachers},
	journal = {Studies in Educational Evaluation},
	volume = {53},
	pages = {77-86},
	year = {2017},
	issn = {0191-491X},
	doi = {https://doi.org/10.1016/j.stueduc.2017.04.002}
}

@article{glock2019studies,
	author = {Sabine Glock and Hannah Kleen},
	title = {Attitudes toward students from ethnic minority groups: The roles of preservice teachers’ own ethnic backgrounds and teacher efficacy activation},
	journal = {Studies in Educational Evaluation},
	volume = {62},
	pages = {82-91},
	year = {2019},
	issn = {0191-491X},
	doi = {https://doi.org/10.1016/j.stueduc.2019.04.010}
}

@misc{unifreiburg2018studien,
	author			=	{Universit\"at Freiburg},
	title			=	{{Studien- und Pr\"ufungsordnung der Albert-Ludwigs-Universit\"at f\"ur den Studiengang Master of Education f\"ur das Lehramt Gymnasium}},
	year			=	{2018},
	howpublished	=	{\url{https://www.jsl.uni-freiburg.de/informationen_fuer_studierende_web/pruefungsordnungen/master_of_education/studien-\%20und\%20pruefungsordnung.pdf}},
	note			=	{(Accessed 24.08.2024)}
}

@book{pohl2004cognitive,
	title={Cognitive illusions: A handbook on fallacies and biases in thinking, judgement and memory},
	author={Pohl, R{\"u}diger},
	year={2004},
	publisher={Psychology press},
	isbn={1-84169-351-0},
	address={East Sussex}
}

@article{lorenz2016stereotype,
	title		=	{{Stereotype bei Lehrkr{\"a}ften? Eine Untersuchung systematisch verzerrter Lehrererwartungen}},
	author		=	{Lorenz, Georg and Gentrup, Sarah and Kristen, Cornelia and Stanat, Petra and Kogan, Irena},
	journal		=	{K{\"o}lner Zeitschrift f{\"u}r Soziologie und Sozialpsychologie},
	volume		=	{68},
	number		=	{1},
	pages		=	{89--111},
	year		=	{2016},
	publisher	=	{Springer}
}

@article{gentrup2020einschatzungen,
	title		=	{{Einsch{\"a}tzungen der schulischen Motivation und des Arbeitsverhaltens durch Grundschullehrkr{\"a}fte und deren Bedeutung f{\"u}r Verzerrungen in Leistungserwartungen}},
	author		=	{Gentrup, Sarah and Rjosk, Camilla and Stanat, Petra and Lorenz, Georg},
	journal		=	{Erwartungen und Einsch{\"a}tzungen von Lehrkr{\"a}ften zur Leistung von Sch{\"u}ler* innen Akkuratheit und Bedeutung f{\"u}r Leistungsentwicklung},
	year		=	{2020},
	publisher	=	{Humboldt-Universit{\"a}t zu Berlin}
}

@article{ellis2018so,
	title		=	{So, what are cognitive biases?},
	author		=	{Ellis, Geoffrey},
	journal		=	{Cognitive biases in visualizations},
	pages		=	{1--10},
	year		=	{2018},
	publisher	=	{Springer}
}

@misc{benson2016cognitive,
	title			=	{Cognitive bias cheat sheet: An organized list of cognitive biases because thinking is hard},
	author			=	{Benson, Buster},
	moreauthor		=	{Manoogian III, John},
	year			=	{2016},
	journal			=	{Better Humans},
	howpublished	=	{\url{https://betterhumans.pub/cognitive-bias-cheat-sheet-55a472476b18}},
	note			=	{Accessed 10.09.2024}
}

@article{perry2015modern,
	title	=	{Modern prejudice: Subtle, but unconscious? The role of Bias Awareness in Whites' perceptions of personal and others' biases},
	journal	=	{Journal of Experimental Social Psychology},
	volume	=	{61},
	pages	=	{64-78},
	year	=	{2015},
	issn	=	{0022-1031},
	doi		=	{https://doi.org/10.1016/j.jesp.2015.06.007},
	author	=	{Sylvia P. Perry and Mary C. Murphy and John F. Dovidio}
}

@article{pope2018awareness,
	author	=	{Pope, Devin G. and Price, Joseph and Wolfers, Justin},
	title	=	{Awareness Reduces Racial Bias},
	journal	=	{Management Science},
	volume	=	{64},
	number	=	{11},
	pages	=	{4988-4995},
	year	=	{2018},
	doi		=	{10.1287/mnsc.2017.2901}
}

@article{greenwald1995implicit,
	title		=	{Implicit social cognition: attitudes, self-esteem, and stereotypes},
	author		=	{Greenwald, Anthony G and Banaji, Mahzarin R},
	journal		=	{Psychological review},
	volume		=	{102},
	number		=	{1},
	pages		=	{4},
	year		=	{1995},
	publisher	=	{American Psychological Association}
}

@article{bawden2020information,
	title		=	{Information Overload: An Overview},
	author		=	{Bawden, David and Robinson, Lyn},
	year		=	{2020},
	publisher	=	{Oxford University Press},
	journal		=	{Oxford Encyclopedia of Political Decision Making},
	address		=	{Oxford},
	doi			=	{10.1093/acrefore/9780190228637.013.1360}
}

@article{meyer2021entspann,
	title		=	{{Entspann dich, Deutschland! TK-Stressstudie 2021}},
	author		=	{Meyer, Bertolt and Zill, Alexander and Dilba, Dominik},
	year		=	{2021},
	publisher	=	{Techniker Krankenkasse},
	address		=	{Hamburg}
}

@article{hall2004information,
	title={Information overload within the health care system: a literature review},
	author={Hall, Amanda and Walton, Graham},
	journal={Health Information \& Libraries Journal},
	volume={21},
	number={2},
	pages={102--108},
	year={2004},
	publisher={Wiley Online Library}
}

@article{volnhals2008information,
	title		=	{{Information Overload und Controlling}},
	author		=	{Volnhals, Martina and Hirsch, Bernhard},
	journal		=	{Controlling \& Management},
	volume		=	{52},
	number		=	{Suppl 1},
	pages		=	{50--57},
	year		=	{2008},
	publisher	=	{Springer}
}

@article{meyer1998information,
	title={Information overload in marketing management},
	author={Meyer, J{\"o}rn-Axel},
	journal={Marketing Intelligence \& Planning},
	volume={16},
	number={3},
	pages={200--209},
	year={1998},
	publisher={MCB UP Ltd}
}

@article{landhuis2016scientific,
	title={Scientific literature: Information overload},
	author={Landhuis, Esther},
	journal={Nature},
	volume={535},
	number={7612},
	pages={457--458},
	year={2016},
	publisher={Nature Publishing Group UK London}
}

@misc{siegler2010every,
	title			=	{Every 2 Days We Create As Much Information As We Did Up To 2003},
	author			=	{Siegler, M. G. and Schmidt, Eric},
	year			=	{2010},
	howpublished	=	{\url{https://techcrunch.com/2010/08/04/schmidt-data}},
	note			=	{Accessed 25.10.2024}
}

@article{atkinson1968human,
	title		=	{Human memory: A proposed system and its control processes},
	author		=	{Atkinson, Richard Chatham and Shiffrin, Richard Martin},
	journal		=	{The Psychology of Learning and Motivation: Advances in Research and Theory},
	volume		=	{2},
	year		=	{1968},
	pages		=	{89--195},
	address		=	{New York},
	publisher	=	{Elsevier}
}

@article{savolainen2007filtering,
	title		=	{Filtering and withdrawing: strategies for coping with information overload in everyday contexts},
	author		=	{Savolainen, Reijo},
	journal		=	{Journal of information Science},
	volume		=	{33},
	number		=	{5},
	pages		=	{611--621},
	year		=	{2007},
	publisher	=	{Sage Publications},
	address		=	{London}
}

@article{goette2019information,
	title		=	{Information overload and confirmation bias},
	author		=	{Goette, Lorenz and Han, Hua-Jing and Leung, Benson Tsz Kin},
	year		=	{2019},
	journal		=	{Cambridge Working Papers in Economics},
	address		=	{Cambridge},
	publisher	=	{University of Cambridge: Faculty of Economics}
}

@article{bing2004incremental,
	title		=	{Incremental validity of the frame-of-reference effect in personality scale scores: a replication and extension},
	author		=	{Bing, Mark N and Whanger, James C and Davison, H Kristl and VanHook, Jayson B},
	journal		=	{Journal of Applied Psychology},
	volume		=	{89},
	number		=	{1},
	pages		=	{150},
	year		=	{2004},
	publisher	=	{American Psychological Association}
}

@inproceedings{rohner2013reducing,
	title		=	{Reducing Physical-attractiveness bias in hiring decisions : An experimental investigation},
	author		=	{Jean-Christophe Rohner and Annika Wald{\'e}n and Hanna Blomberg and Pontus Carlsson},
	journal		=	{Lund Psychological Reports},
	volume		=	{13},
	number		=	{2},
	year		=	{2013},
	publisher	=	{Lund University},
	issn		=	{1404-8035}
}

@incollection{elson2017question,
	title		=	{Question Wording and Item Formulation},
	author		=	{Elson, Malte},
	booktitle	=	{International Encyclopedia of Communication Research Methods},
	editor		=	{Matthes, J{\"o}rg and Potter, Robert F and Davis, Christine S},
	publisher	=	{Wiley-Blackwell},
	year		=	{2017}
}

@article{gilboa2002cognitive,
	title		=	{The cognitive neuroscience of confabulation: A review and a model},
	author		=	{Gilboa, Asaf and Moscovitch, Morris},
	journal		=	{Handbook of memory disorders},
	volume		=	{2},
	pages		=	{315--342},
	year		=	{2002},
	publisher	=	{John Wiley and Sons},
	address		=	{London}
}

@article{prasad2022visual,
	title		=	{The Visual Mandela Effect as evidence for shared and specific false memories across people},
	author		=	{Prasad, Deepasri and Bainbridge, Wilma A},
	journal		=	{Psychological Science},
	volume		=	{33},
	number		=	{12},
	pages		=	{1971--1988},
	year		=	{2022},
	publisher	=	{SAGE Publications Sage CA},
	address		=	{Los Angeles, CA}
}

@article{bordalo2016stereotypes,
	title		=	{Stereotypes},
	author		=	{Bordalo, Pedro and Coffman, Katherine and Gennaioli, Nicola and Shleifer, Andrei},
	journal		=	{The Quarterly Journal of Economics},
	volume		=	{131},
	number		=	{4},
	pages		=	{1753--1794},
	year		=	{2016},
	publisher	=	{MIT Press}
}

@article{brigham1971ethnic,
title		=	{Ethnic stereotypes},
author		=	{Brigham, John C},
journal		=	{Psychological bulletin},
volume		=	{76},
number		=	{1},
pages		=	{15},
year		=	{1971},
publisher	=	{American Psychological Association}
}

@incollection{mastro2009effects,
	title		=	{Effects of racial and ethnic stereotyping},
	author		=	{Mastro, Dana},
	booktitle	=	{Media effects},
	pages		=	{341--357},
	year		=	{2009},
	publisher	=	{Routledge}
}

@article{guichard1977ethnic,
	title		=	{Ethnic group stereotypes: A new look at an old problem},
	author		=	{Guichard, Charles P and Connolly, Margaret A},
	journal		=	{The Journal of Negro Education},
	volume		=	{46},
	number		=	{3},
	pages		=	{344--357},
	year		=	{1977},
	publisher	=	{JSTOR}
}

@article{ellemers2018gender,
	title		=	{Gender stereotypes},
	author		=	{Ellemers, Naomi},
	journal		=	{Annual review of psychology},
	volume		=	{69},
	number		=	{1},
	pages		=	{275--298},
	year		=	{2018},
	publisher	=	{Annual Reviews}
}

@article{hoffman1990gender,
	title		=	{Gender stereotypes: Perception or rationalization?},
	author		=	{Hoffman, Curt and Hurst, Nancy},
	journal		=	{Journal of personality and social psychology},
	volume		=	{58},
	number		=	{2},
	pages		=	{197},
	year		=	{1990},
	publisher	=	{American Psychological Association}
}

@article{heilman2012gender,
	title		=	{Gender stereotypes and workplace bias},
	author		=	{Heilman, Madeline E},
	journal		=	{Research in organizational Behavior},
	volume		=	{32},
	pages		=	{113--135},
	year		=	{2012},
	publisher	=	{Elsevier}
}

@article{haines2016times,
	title		=	{The times they are a-changing… or are they not? A comparison of gender stereotypes, 1983--2014},
	author		=	{Haines, Elizabeth L and Deaux, Kay and Lofaro, Nicole},
	journal		=	{Psychology of Women Quarterly},
	volume		=	{40},
	number		=	{3},
	pages		=	{353--363},
	year		=	{2016},
	publisher	=	{Sage Publications Sage CA},
	address		=	{Los Angeles, CA}
}

@article{jenni1997explaining,
	title		=	{Explaining the Identifiable Victim Effect},
	author		=	{Jenni, Karen and Loewenstein, George},
	journal		=	{Journal of Risk and Uncertainty},
	volume		=	{14},
	pages		=	{235--257},
	year		=	{1997},
	publisher	=	{Springer},
	doi			=	{10.1023/A:1007740225484}
}

@book{parkinson1958parkinson,
	title		=	{Parkinson's Law or the Pursuit of Progress},
	author		=	{Parkinson, C Northcote},
	year		=	{1958},
	publisher	=	{Murray},
	isbn		=	{9780719510496}
}

@article{moore2008trouble,
	title		=	{The trouble with overconfidence},
	author		=	{Moore, Don A and Healy, Paul J},
	journal		=	{Psychological review},
	volume		=	{115},
	number		=	{2},
	pages		=	{502},
	year		=	{2008},
	publisher	=	{American Psychological Association}
}

@article{ross1979egocentric,
	title		=	{Egocentric biases in availability and attribution},
	author		=	{Ross, Michael and Sicoly, Fiore},
	journal		=	{Journal of personality and social psychology},
	volume		=	{37},
	number		=	{3},
	pages		=	{322},
	year		=	{1979},
	publisher	=	{American Psychological Association}
}

@incollection{dunning2011dunning,
	title		=	{The Dunning--Kruger effect: On being ignorant of one's own ignorance},
	author		=	{Dunning, David},
	booktitle	=	{Advances in experimental social psychology},
	volume		=	{44},
	pages		=	{247--296},
	year		=	{2011},
	publisher	=	{Elsevier}
}

